{"id":"gen8battlestadiumsingles-2071495694","format":"[Gen 8] Battle Stadium Singles","players":["Yunanan","magolor kirby"],"log":"|j|\u2606Yunanan\n|j|\u2606magolor kirby\n|t:|1709343894\n|gametype|singles\n|player|p1|Yunanan|acetrainerf|\n|player|p2|magolor kirby|dawn|\n|teamsize|p1|6\n|teamsize|p2|6\n|gen|8\n|tier|[Gen 8] Battle Stadium Singles\n|rule|Species Clause: Limit one of each Pok\u00e9mon\n|rule|Item Clause: Limit one of each item\n|clearpoke\n|poke|p1|Nihilego, L50|\n|poke|p1|Dragapult, L50, F|\n|poke|p1|Moltres-Galar, L50|\n|poke|p1|Naganadel, L50|\n|poke|p1|Escavalier, L50, F|\n|poke|p1|Corsola-Galar, L50, M|\n|poke|p2|Zapdos, L50|\n|poke|p2|Cinderace, L50, M|\n|poke|p2|Porygon2, L50|\n|poke|p2|Landorus-Therian, L50, M|\n|poke|p2|Tapu Fini, L50|\n|poke|p2|Urshifu-*, L50, M|\n|teampreview|3\n|inactive|Battle timer is ON: inactive players will automatically lose when time's up. (requested by Yunanan)\n|inactive|Yunanan has 60 seconds left.\n|inactive|magolor kirby has 60 seconds left.\n|\n|t:|1709343951\n|start\n|switch|p1a: \u9dfa\u6cbc\u68a8\u5b50|Dragapult, L50, F|100\/100\n|switch|p2a: Urshifu|Urshifu, L50, M|100\/100\n|turn|1\n|c|\u2606magolor kirby|yokero\n|\n|t:|1709343960\n|switch|p1a: \u30e1\u30c6\u30aa\u30e9\u30a4\u30c8|Naganadel, L50|100\/100\n|move|p2a: Urshifu|Wicked Blow|p1a: \u30e1\u30c6\u30aa\u30e9\u30a4\u30c8\n|-crit|p1a: \u30e1\u30c6\u30aa\u30e9\u30a4\u30c8\n|-damage|p1a: \u30e1\u30c6\u30aa\u30e9\u30a4\u30c8|0 fnt\n|faint|p1a: \u30e1\u30c6\u30aa\u30e9\u30a4\u30c8\n|\n|upkeep\n|\n|t:|1709343965\n|switch|p1a: \u9dfa\u6cbc\u68a8\u5b50|Dragapult, L50, F|100\/100\n|turn|2\n|\n|t:|1709343970\n|move|p1a: \u9dfa\u6cbc\u68a8\u5b50|Draco Meteor|p2a: Urshifu\n|-enditem|p2a: Urshifu|Focus Sash\n|-damage|p2a: Urshifu|1\/100\n|-unboost|p1a: \u9dfa\u6cbc\u68a8\u5b50|spa|2\n|move|p2a: Urshifu|Wicked Blow|p1a: \u9dfa\u6cbc\u68a8\u5b50\n|-supereffective|p1a: \u9dfa\u6cbc\u68a8\u5b50\n|-crit|p1a: \u9dfa\u6cbc\u68a8\u5b50\n|-damage|p1a: \u9dfa\u6cbc\u68a8\u5b50|0 fnt\n|faint|p1a: \u9dfa\u6cbc\u68a8\u5b50\n|\n|upkeep\n|\n|t:|1709343975\n|switch|p1a: \u3080\u3060\u306b\u304b\u305f\u3044|Corsola-Galar, L50, M|100\/100\n|turn|3\n|\n|t:|1709343984\n|move|p2a: Urshifu|Wicked Blow|p1a: \u3080\u3060\u306b\u304b\u305f\u3044\n|-supereffective|p1a: \u3080\u3060\u306b\u304b\u305f\u3044\n|-crit|p1a: \u3080\u3060\u306b\u304b\u305f\u3044\n|-damage|p1a: \u3080\u3060\u306b\u304b\u305f\u3044|32\/100\n|move|p1a: \u3080\u3060\u306b\u304b\u305f\u3044|Strength Sap|p2a: Urshifu\n|-unboost|p2a: Urshifu|atk|1\n|-heal|p1a: \u3080\u3060\u306b\u304b\u305f\u3044|100\/100\n|\n|upkeep\n|turn|4\n|\n|t:|1709343988\n|move|p2a: Urshifu|Wicked Blow|p1a: \u3080\u3060\u306b\u304b\u305f\u3044\n|-supereffective|p1a: \u3080\u3060\u306b\u304b\u305f\u3044\n|-crit|p1a: \u3080\u3060\u306b\u304b\u305f\u3044\n|-damage|p1a: \u3080\u3060\u306b\u304b\u305f\u3044|36\/100\n|move|p1a: \u3080\u3060\u306b\u304b\u305f\u3044|Strength Sap|p2a: Urshifu\n|-unboost|p2a: Urshifu|atk|1\n|-heal|p1a: \u3080\u3060\u306b\u304b\u305f\u3044|100\/100\n|\n|upkeep\n|turn|5\n|\n|t:|1709343991\n|move|p2a: Urshifu|Wicked Blow|p1a: \u3080\u3060\u306b\u304b\u305f\u3044\n|-supereffective|p1a: \u3080\u3060\u306b\u304b\u305f\u3044\n|-crit|p1a: \u3080\u3060\u306b\u304b\u305f\u3044\n|-damage|p1a: \u3080\u3060\u306b\u304b\u305f\u3044|38\/100\n|move|p1a: \u3080\u3060\u306b\u304b\u305f\u3044|Strength Sap|p2a: Urshifu\n|-unboost|p2a: Urshifu|atk|1\n|-heal|p1a: \u3080\u3060\u306b\u304b\u305f\u3044|93\/100\n|\n|upkeep\n|turn|6\n|\n|t:|1709343996\n|move|p2a: Urshifu|Wicked Blow|p1a: \u3080\u3060\u306b\u304b\u305f\u3044\n|-supereffective|p1a: \u3080\u3060\u306b\u304b\u305f\u3044\n|-crit|p1a: \u3080\u3060\u306b\u304b\u305f\u3044\n|-damage|p1a: \u3080\u3060\u306b\u304b\u305f\u3044|30\/100\n|move|p1a: \u3080\u3060\u306b\u304b\u305f\u3044|Strength Sap|p2a: Urshifu\n|-unboost|p2a: Urshifu|atk|1\n|-heal|p1a: \u3080\u3060\u306b\u304b\u305f\u3044|74\/100\n|\n|upkeep\n|turn|7\n|\n|t:|1709344001\n|move|p2a: Urshifu|Wicked Blow|p1a: \u3080\u3060\u306b\u304b\u305f\u3044\n|-supereffective|p1a: \u3080\u3060\u306b\u304b\u305f\u3044\n|-crit|p1a: \u3080\u3060\u306b\u304b\u305f\u3044\n|-damage|p1a: \u3080\u3060\u306b\u304b\u305f\u3044|8\/100\n|move|p1a: \u3080\u3060\u306b\u304b\u305f\u3044|Strength Sap|p2a: Urshifu\n|-unboost|p2a: Urshifu|atk|1\n|-heal|p1a: \u3080\u3060\u306b\u304b\u305f\u3044|44\/100\n|\n|upkeep\n|turn|8\n|\n|t:|1709344006\n|move|p2a: Urshifu|Wicked Blow|p1a: \u3080\u3060\u306b\u304b\u305f\u3044\n|-supereffective|p1a: \u3080\u3060\u306b\u304b\u305f\u3044\n|-crit|p1a: \u3080\u3060\u306b\u304b\u305f\u3044\n|-damage|p1a: \u3080\u3060\u306b\u304b\u305f\u3044|0 fnt\n|faint|p1a: \u3080\u3060\u306b\u304b\u305f\u3044\n|\n|win|magolor kirby\n|l|\u2606Yunanan\n|player|p1|\n","uploadtime":1709344010,"views":5,"formatid":"gen8battlestadiumsingles","rating":null,"private":0,"password":null}