{"id":"gen8battlestadiumsingles-2092839048","format":"[Gen 8] Battle Stadium Singles","players":["andrewsky19960","kalekagi"],"log":"|j|\u2606andrewsky19960\n|j|\u2606kalekagi\n|t:|1711875069\n|gametype|singles\n|player|p1|andrewsky19960|101|\n|player|p2|kalekagi|nate|\n|teamsize|p1|6\n|teamsize|p2|6\n|gen|8\n|tier|[Gen 8] Battle Stadium Singles\n|rule|Species Clause: Limit one of each Pok\u00e9mon\n|rule|Item Clause: Limit one of each item\n|clearpoke\n|poke|p1|Chandelure, L50, M|\n|poke|p1|Avalugg, L50, F|\n|poke|p1|Aegislash, L50, F|\n|poke|p1|Type: Null, L50|\n|poke|p1|Inteleon, L50, M|\n|poke|p1|Urshifu-*, L50, M|\n|poke|p2|Tyrantrum, L50, F|\n|poke|p2|Celesteela, L50|\n|poke|p2|Tapu Fini, L50|\n|poke|p2|Grimmsnarl, L50, M|\n|poke|p2|Rotom-Heat, L50|\n|poke|p2|Seismitoad, L50, M|\n|teampreview|3\n|inactive|Battle timer is ON: inactive players will automatically lose when time's up. (requested by andrewsky19960)\n|\n|t:|1711875114\n|start\n|switch|p1a: Urshifu|Urshifu-Rapid-Strike, L50, M|100\/100\n|switch|p2a: \uaf2c\ucd94\ud138|Grimmsnarl, L50, M|100\/100\n|turn|1\n|c|\u2606andrewsky19960|\uc57c\n|c|\u2606andrewsky19960|\ub2c9\n|c|\u2606andrewsky19960|\uaf2c\ub77c\uc9c0\n|\n|t:|1711875130\n|move|p2a: \uaf2c\ucd94\ud138|Reflect|p2a: \uaf2c\ucd94\ud138\n|-sidestart|p2: kalekagi|Reflect\n|move|p1a: Urshifu|Substitute|p1a: Urshifu\n|-start|p1a: Urshifu|Substitute\n|-damage|p1a: Urshifu|76\/100\n|\n|-heal|p1a: Urshifu|82\/100|[from] item: Leftovers\n|upkeep\n|turn|2\n|inactive|kalekagi has 30 seconds left.\n|\n|t:|1711875158\n|move|p2a: \uaf2c\ucd94\ud138|Light Screen|p2a: \uaf2c\ucd94\ud138\n|-sidestart|p2: kalekagi|move: Light Screen\n|move|p1a: Urshifu|Bulk Up|p1a: Urshifu\n|-boost|p1a: Urshifu|atk|1\n|-boost|p1a: Urshifu|def|1\n|\n|-heal|p1a: Urshifu|87\/100|[from] item: Leftovers\n|upkeep\n|turn|3\n|\n|t:|1711875177\n|move|p2a: \uaf2c\ucd94\ud138|Taunt|p1a: Urshifu\n|-start|p1a: Urshifu|move: Taunt\n|cant|p1a: Urshifu|move: Taunt|Bulk Up\n|\n|-heal|p1a: Urshifu|93\/100|[from] item: Leftovers\n|upkeep\n|turn|4\n|\n|t:|1711875187\n|-end|p1a: Urshifu|Substitute\n|-start|p1a: Urshifu|Dynamax|\n|-heal|p1a: Urshifu|93\/100|[silent]\n|move|p1a: Urshifu|Max Knuckle|p2a: \uaf2c\ucd94\ud138\n|-damage|p2a: \uaf2c\ucd94\ud138|66\/100\n|-boost|p1a: Urshifu|atk|1\n|move|p2a: \uaf2c\ucd94\ud138|Foul Play|p1a: Urshifu\n|-resisted|p1a: Urshifu\n|-damage|p1a: Urshifu|85\/100\n|\n|-heal|p1a: Urshifu|87\/100|[from] item: Leftovers\n|upkeep\n|turn|5\n|inactive|kalekagi has 30 seconds left.\n|\n|t:|1711875213\n|move|p1a: Urshifu|Max Knuckle|p2a: \uaf2c\ucd94\ud138\n|-damage|p2a: \uaf2c\ucd94\ud138|18\/100\n|-boost|p1a: Urshifu|atk|1\n|move|p2a: \uaf2c\ucd94\ud138|Foul Play|p1a: Urshifu\n|-resisted|p1a: Urshifu\n|-damage|p1a: Urshifu|77\/100\n|\n|-heal|p1a: Urshifu|80\/100|[from] item: Leftovers\n|-end|p1a: Urshifu|move: Taunt\n|upkeep\n|turn|6\n|\n|t:|1711875238\n|move|p1a: Urshifu|Max Geyser|p2a: \uaf2c\ucd94\ud138\n|-damage|p2a: \uaf2c\ucd94\ud138|0 fnt\n|-weather|RainDance\n|faint|p2a: \uaf2c\ucd94\ud138\n|\n|-weather|RainDance|[upkeep]\n|-heal|p1a: Urshifu|83\/100|[from] item: Leftovers\n|upkeep\n|\n|t:|1711875247\n|switch|p2a: \uc640\ubab8\ub9e4|Celesteela, L50|100\/100\n|-end|p1a: Urshifu|Dynamax\n|-heal|p1a: Urshifu|83\/100|[silent]\n|turn|7\n|c|\u2606andrewsky19960|\u3145\u3131\n|\n|t:|1711875266\n|move|p1a: Urshifu|Substitute|p1a: Urshifu\n|-start|p1a: Urshifu|Substitute\n|-damage|p1a: Urshifu|58\/100\n|move|p2a: \uc640\ubab8\ub9e4|Air Slash|p1a: Urshifu\n|-supereffective|p1a: Urshifu\n|-end|p1a: Urshifu|Substitute\n|\n|-weather|RainDance|[upkeep]\n|-heal|p1a: Urshifu|64\/100|[from] item: Leftovers\n|upkeep\n|turn|8\n|\n|t:|1711875276\n|move|p1a: Urshifu|Substitute|p1a: Urshifu\n|-start|p1a: Urshifu|Substitute\n|-damage|p1a: Urshifu|39\/100\n|move|p2a: \uc640\ubab8\ub9e4|Air Slash|p1a: Urshifu\n|-supereffective|p1a: Urshifu\n|-end|p1a: Urshifu|Substitute\n|\n|-weather|RainDance|[upkeep]\n|-heal|p1a: Urshifu|45\/100|[from] item: Leftovers\n|-sideend|p2: kalekagi|Reflect\n|upkeep\n|turn|9\n|c|\u2606kalekagi|\uadf8\ub7f0\uae30\ub2a5\uc774\n|\n|t:|1711875287\n|move|p1a: Urshifu|Surging Strikes|p2a: \uc640\ubab8\ub9e4\n|-crit|p2a: \uc640\ubab8\ub9e4\n|-damage|p2a: \uc640\ubab8\ub9e4|51\/100\n|-crit|p2a: \uc640\ubab8\ub9e4\n|-damage|p2a: \uc640\ubab8\ub9e4|0 fnt\n|faint|p2a: \uc640\ubab8\ub9e4\n|-hitcount|p2: \uc640\ubab8\ub9e4|2\n|\n|-weather|RainDance|[upkeep]\n|-heal|p1a: Urshifu|51\/100|[from] item: Leftovers\n|-sideend|p2: kalekagi|move: Light Screen\n|upkeep\n|c|\u2606andrewsky19960|\ub51c\ubcf4\uac8c\n|c|\u2606andrewsky19960|\uceac\n|\n|t:|1711875297\n|switch|p2a: \ucc44\ud601\uc9c4|Seismitoad, L50, M|100\/100\n|turn|10\n|c|\u2606andrewsky19960|\ub2c9\n|c|\u2606andrewsky19960|\ubcfc\uc218\ub85d\n|c|\u2606andrewsky19960|\uc5b4\uc9c0\ub7fd\ub2e4\n|\n|t:|1711875311\n|-start|p2a: \ucc44\ud601\uc9c4|Dynamax|\n|-heal|p2a: \ucc44\ud601\uc9c4|100\/100|[silent]\n|move|p2a: \ucc44\ud601\uc9c4|Max Quake|p1a: Urshifu\n|-crit|p1a: Urshifu\n|-damage|p1a: Urshifu|0 fnt\n|-boost|p2a: \ucc44\ud601\uc9c4|spd|1\n|faint|p1a: Urshifu\n|-damage|p2a: \ucc44\ud601\uc9c4|96\/100|[from] item: Life Orb\n|\n|-weather|none\n|upkeep\n|c|\u2606andrewsky19960|\ud06c\ub9ac\uc5d0\ube48\ub370\n|\n|t:|1711875325\n|switch|p1a: Aegislash|Aegislash, L50, F|100\/100\n|turn|11\n|\n|t:|1711875330\n|move|p1a: Aegislash|King's Shield|p1a: Aegislash\n|-singleturn|p1a: Aegislash|Protect\n|move|p2a: \ucc44\ud601\uc9c4|Max Quake|p1a: Aegislash\n|-supereffective|p1a: Aegislash\n|-zbroken|p1a: Aegislash\n|-damage|p1a: Aegislash|67\/100\n|-boost|p2a: \ucc44\ud601\uc9c4|spd|1\n|-damage|p2a: \ucc44\ud601\uc9c4|91\/100|[from] item: Life Orb\n|\n|upkeep\n|turn|12\n|\n|t:|1711875340\n|-formechange|p1a: Aegislash|Aegislash-Blade||[from] ability: Stance Change\n|move|p1a: Aegislash|Shadow Sneak|p2a: \ucc44\ud601\uc9c4\n|-damage|p2a: \ucc44\ud601\uc9c4|72\/100\n|-damage|p1a: Aegislash|57\/100|[from] item: Life Orb\n|move|p2a: \ucc44\ud601\uc9c4|Max Quake|p1a: Aegislash\n|-supereffective|p1a: Aegislash\n|-damage|p1a: Aegislash|0 fnt\n|-boost|p2a: \ucc44\ud601\uc9c4|spd|1\n|faint|p1a: Aegislash\n|-damage|p2a: \ucc44\ud601\uc9c4|67\/100|[from] item: Life Orb\n|\n|upkeep\n|\n|t:|1711875345\n|switch|p1a: Inteleon|Inteleon, L50, M|100\/100\n|-end|p2a: \ucc44\ud601\uc9c4|Dynamax\n|-heal|p2a: \ucc44\ud601\uc9c4|67\/100|[silent]\n|turn|13\n|\n|t:|1711875357\n|move|p1a: Inteleon|Focus Energy|p1a: Inteleon\n|-start|p1a: Inteleon|move: Focus Energy\n|move|p2a: \ucc44\ud601\uc9c4|Power Whip|p1a: Inteleon|[miss]\n|-miss|p2a: \ucc44\ud601\uc9c4|p1a: Inteleon\n|\n|upkeep\n|turn|14\n|c|\u2606kalekagi|\ubb63\n|\n|t:|1711875373\n|move|p1a: Inteleon|Snipe Shot|p2a: \ucc44\ud601\uc9c4\n|-crit|p2a: \ucc44\ud601\uc9c4\n|-damage|p2a: \ucc44\ud601\uc9c4|0 fnt\n|faint|p2a: \ucc44\ud601\uc9c4\n|\n|win|andrewsky19960\n|c|\u2606andrewsky19960|\u314b\n|c|\u2606kalekagi|\uc65c \ube57\ub098\uac00 \ubbf8\uce5c\n","uploadtime":1711875382,"views":14,"formatid":"gen8battlestadiumsingles","rating":null,"private":0,"password":null}