{"id":"gen8battlestadiumsingles-2070291511","format":"[Gen 8] Battle Stadium Singles","players":["magolor kirby","Yunanan"],"log":"|j|\u2606magolor kirby\n|j|\u2606Yunanan\n|t:|1709214015\n|gametype|singles\n|player|p1|magolor kirby|dawn|\n|player|p2|Yunanan|acetrainerf|\n|teamsize|p1|6\n|teamsize|p2|6\n|gen|8\n|tier|[Gen 8] Battle Stadium Singles\n|rule|Species Clause: Limit one of each Pok\u00e9mon\n|rule|Item Clause: Limit one of each item\n|clearpoke\n|poke|p1|Zapdos, L50|\n|poke|p1|Cinderace, L50, M|\n|poke|p1|Porygon2, L50|\n|poke|p1|Landorus-Therian, L50, M|\n|poke|p1|Tapu Fini, L50|\n|poke|p1|Mimikyu, L50, M|\n|poke|p2|Tyranitar, L50, F|\n|poke|p2|Excadrill, L50, M|\n|poke|p2|Corsola-Galar, L50, M|\n|poke|p2|Darmanitan-Galar, L50, M|\n|poke|p2|Centiskorch, L50, F|\n|poke|p2|Celesteela, L50|\n|teampreview|3\n|inactive|Battle timer is ON: inactive players will automatically lose when time's up. (requested by Yunanan)\n|inactive|Yunanan has 60 seconds left.\n|\n|t:|1709214052\n|start\n|switch|p1a: Tapu Fini|Tapu Fini, L50|100\/100\n|switch|p2a: Celesteela|Celesteela, L50|100\/100\n|-fieldstart|move: Misty Terrain|[from] ability: Misty Surge|[of] p1a: Tapu Fini\n|turn|1\n|inactive|magolor kirby has 30 seconds left.\n|\n|t:|1709214085\n|move|p2a: Celesteela|Meteor Beam||[still]\n|-prepare|p2a: Celesteela|Meteor Beam\n|-boost|p2a: Celesteela|spa|1\n|-enditem|p2a: Celesteela|Power Herb\n|-anim|p2a: Celesteela|Meteor Beam|p1a: Tapu Fini\n|-damage|p1a: Tapu Fini|56\/100\n|move|p1a: Tapu Fini|Substitute|p1a: Tapu Fini\n|-start|p1a: Tapu Fini|Substitute\n|-damage|p1a: Tapu Fini|32\/100\n|\n|-heal|p1a: Tapu Fini|38\/100|[from] item: Leftovers\n|upkeep\n|turn|2\n|\n|t:|1709214093\n|move|p2a: Celesteela|Flash Cannon|p1a: Tapu Fini\n|-end|p1a: Tapu Fini|Substitute\n|move|p1a: Tapu Fini|Calm Mind|p1a: Tapu Fini\n|-boost|p1a: Tapu Fini|spa|1\n|-boost|p1a: Tapu Fini|spd|1\n|\n|-heal|p1a: Tapu Fini|44\/100|[from] item: Leftovers\n|upkeep\n|turn|3\n|\n|t:|1709214104\n|move|p2a: Celesteela|Air Slash|p1a: Tapu Fini\n|-damage|p1a: Tapu Fini|18\/100\n|move|p1a: Tapu Fini|Scald|p2a: Celesteela\n|-damage|p2a: Celesteela|41\/100\n|-status|p2a: Celesteela|brn\n|\n|-heal|p1a: Tapu Fini|24\/100|[from] item: Leftovers\n|-damage|p2a: Celesteela|35\/100 brn|[from] brn\n|upkeep\n|turn|4\n|\n|t:|1709214115\n|-start|p2a: Celesteela|Dynamax|\n|-heal|p2a: Celesteela|35\/100 brn|[silent]\n|move|p2a: Celesteela|Max Airstream|p1a: Tapu Fini\n|-damage|p1a: Tapu Fini|0 fnt\n|-boost|p2a: Celesteela|spe|1\n|faint|p1a: Tapu Fini\n|-ability|p2a: Celesteela|Beast Boost|boost\n|-boost|p2a: Celesteela|spa|1\n|\n|-damage|p2a: Celesteela|32\/100 brn|[from] brn\n|upkeep\n|\n|t:|1709214132\n|switch|p1a: Cinderace|Cinderace, L50, M|100\/100\n|turn|5\n|\n|t:|1709214138\n|move|p1a: Cinderace|Pyro Ball|p2a: Celesteela\n|-supereffective|p2a: Celesteela\n|-damage|p2a: Celesteela|0 fnt\n|faint|p2a: Celesteela\n|\n|-fieldend|Misty Terrain\n|upkeep\n|\n|t:|1709214146\n|switch|p2a: Corsola|Corsola-Galar, L50, M|100\/100\n|turn|6\n|c|\u2606magolor kirby|186\u3058\u3083\u9045\u3044\u3088\n|\n|t:|1709214155\n|-start|p1a: Cinderace|Dynamax|Gmax\n|-heal|p1a: Cinderace|100\/100|[silent]\n|move|p1a: Cinderace|G-Max Fireball|p2a: Corsola\n|-damage|p2a: Corsola|61\/100\n|move|p2a: Corsola|Strength Sap|p1a: Cinderace\n|-unboost|p1a: Cinderace|atk|1\n|-heal|p2a: Corsola|100\/100\n|\n|upkeep\n|turn|7\n|\n|t:|1709214166\n|move|p1a: Cinderace|Max Darkness|p2a: Corsola\n|-start|p1a: Cinderace|typechange|Dark|[from] ability: Libero\n|-supereffective|p2a: Corsola\n|-damage|p2a: Corsola|57\/100\n|-unboost|p2a: Corsola|spd|1\n|move|p2a: Corsola|Strength Sap|p1a: Cinderace\n|-unboost|p1a: Cinderace|atk|1\n|-heal|p2a: Corsola|100\/100\n|\n|upkeep\n|turn|8\n|c|\u2606magolor kirby|\u3046\u3093\u3057\u3063\u3066\u305f\n|\n|t:|1709214175\n|move|p1a: Cinderace|G-Max Fireball|p2a: Corsola\n|-start|p1a: Cinderace|typechange|Fire|[from] ability: Libero\n|-damage|p2a: Corsola|81\/100\n|move|p2a: Corsola|Will-O-Wisp|p1a: Cinderace\n|-immune|p1a: Cinderace\n|\n|upkeep\n|-end|p1a: Cinderace|Dynamax\n|-heal|p1a: Cinderace|100\/100|[silent]\n|turn|9\n|\n|t:|1709214181\n|move|p1a: Cinderace|Bounce||[still]\n|-prepare|p1a: Cinderace|Bounce\n|-start|p1a: Cinderace|typechange|Flying|[from] ability: Libero\n|move|p2a: Corsola|Strength Sap|p1a: Cinderace|[miss]\n|-miss|p2a: Corsola|p1a: Cinderace\n|\n|upkeep\n|turn|10\n|\n|t:|1709214185\n|move|p1a: Cinderace|Bounce|p2a: Corsola|[from]lockedmove\n|-crit|p2a: Corsola\n|-damage|p2a: Corsola|50\/100\n|-status|p2a: Corsola|par\n|-start|p1a: Cinderace|Disable|Bounce|[from] ability: Cursed Body|[of] p2a: Corsola\n|move|p2a: Corsola|Will-O-Wisp|p1a: Cinderace\n|-status|p1a: Cinderace|brn\n|\n|-damage|p1a: Cinderace|95\/100 brn|[from] brn\n|upkeep\n|turn|11\n|\n|t:|1709214195\n|move|p1a: Cinderace|Pyro Ball|p2a: Corsola\n|-start|p1a: Cinderace|typechange|Fire|[from] ability: Libero\n|-damage|p2a: Corsola|42\/100 par\n|move|p2a: Corsola|Strength Sap|p1a: Cinderace\n|-unboost|p1a: Cinderace|atk|1\n|-heal|p2a: Corsola|93\/100 par\n|\n|-damage|p1a: Cinderace|89\/100 brn|[from] brn\n|upkeep\n|turn|12\n|\n|t:|1709214203\n|switch|p2a: Centiskorch|Centiskorch, L50, F|100\/100\n|move|p1a: Cinderace|Pyro Ball|p2a: Centiskorch\n|-start|p2a: Centiskorch|ability: Flash Fire\n|\n|-damage|p1a: Cinderace|83\/100 brn|[from] brn\n|upkeep\n|turn|13\n|\n|t:|1709214213\n|switch|p1a: Landorus|Landorus-Therian, L50, M|100\/100\n|-ability|p1a: Landorus|Intimidate|boost\n|-unboost|p2a: Centiskorch|atk|1\n|move|p2a: Centiskorch|Knock Off|p1a: Landorus\n|-damage|p1a: Landorus|72\/100\n|-enditem|p1a: Landorus|Assault Vest|[from] move: Knock Off|[of] p2a: Centiskorch\n|\n|upkeep\n|turn|14\n|\n|t:|1709214220\n|-end|p2a: Centiskorch|ability: Flash Fire|[silent]\n|switch|p2a: Corsola|Corsola-Galar, L50, M|93\/100 par\n|move|p1a: Landorus|Rock Slide|p2a: Corsola\n|-damage|p2a: Corsola|78\/100 par\n|\n|upkeep\n|turn|15\n|\n|t:|1709214225\n|move|p1a: Landorus|Rock Slide|p2a: Corsola\n|-damage|p2a: Corsola|62\/100 par\n|cant|p2a: Corsola|par\n|\n|upkeep\n|turn|16\n|\n|t:|1709214230\n|switch|p1a: Cinderace|Cinderace, L50, M|83\/100 brn\n|move|p2a: Corsola|Strength Sap|p1a: Cinderace\n|-unboost|p1a: Cinderace|atk|1\n|-heal|p2a: Corsola|100\/100 par\n|\n|-damage|p1a: Cinderace|77\/100 brn|[from] brn\n|upkeep\n|turn|17\n|\n|t:|1709214236\n|move|p1a: Cinderace|Bounce||[still]\n|-prepare|p1a: Cinderace|Bounce\n|-start|p1a: Cinderace|typechange|Flying|[from] ability: Libero\n|move|p2a: Corsola|Hex|p1a: Cinderace|[miss]\n|-miss|p2a: Corsola|p1a: Cinderace\n|\n|-damage|p1a: Cinderace|71\/100 brn|[from] brn\n|upkeep\n|turn|18\n|\n|t:|1709214240\n|move|p1a: Cinderace|Bounce|p2a: Corsola|[from]lockedmove\n|-damage|p2a: Corsola|93\/100 par\n|-start|p1a: Cinderace|Disable|Bounce|[from] ability: Cursed Body|[of] p2a: Corsola\n|cant|p2a: Corsola|par\n|\n|-damage|p1a: Cinderace|66\/100 brn|[from] brn\n|upkeep\n|turn|19\n|\n|t:|1709214245\n|switch|p2a: Centiskorch|Centiskorch, L50, F|100\/100\n|move|p1a: Cinderace|Sucker Punch||[still]\n|-fail|p1a: Cinderace\n|\n|-damage|p1a: Cinderace|60\/100 brn|[from] brn\n|upkeep\n|turn|20\n|\n|t:|1709214255\n|move|p1a: Cinderace|Sucker Punch|p2a: Centiskorch\n|-start|p1a: Cinderace|typechange|Dark|[from] ability: Libero\n|-damage|p2a: Centiskorch|86\/100\n|move|p2a: Centiskorch|Fire Lash|p1a: Cinderace\n|-damage|p1a: Cinderace|0 fnt\n|faint|p1a: Cinderace\n|\n|upkeep\n|\n|t:|1709214258\n|switch|p1a: Landorus|Landorus-Therian, L50, M|72\/100\n|-ability|p1a: Landorus|Intimidate|boost\n|-unboost|p2a: Centiskorch|atk|1\n|turn|21\n|\n|t:|1709214265\n|move|p1a: Landorus|Earthquake|p2a: Centiskorch\n|-damage|p2a: Centiskorch|21\/100\n|move|p2a: Centiskorch|Fire Lash|p1a: Landorus\n|-damage|p1a: Landorus|35\/100\n|-unboost|p1a: Landorus|def|1\n|\n|upkeep\n|turn|22\n|\n|t:|1709214271\n|move|p1a: Landorus|Earthquake|p2a: Centiskorch\n|-damage|p2a: Centiskorch|0 fnt\n|faint|p2a: Centiskorch\n|\n|upkeep\n|\n|t:|1709214272\n|switch|p2a: Corsola|Corsola-Galar, L50, M|93\/100 par\n|turn|23\n|\n|t:|1709214276\n|move|p1a: Landorus|Rock Slide|p2a: Corsola\n|-damage|p2a: Corsola|78\/100 par\n|-start|p1a: Landorus|Disable|Rock Slide|[from] ability: Cursed Body|[of] p2a: Corsola\n|cant|p2a: Corsola|flinch\n|\n|upkeep\n|turn|24\n|c|\u2606magolor kirby|\u306f\u3042\u3042\u3042\u3042\u3042\n|\n|t:|1709214286\n|move|p1a: Landorus|Iron Tail|p2a: Corsola\n|-damage|p2a: Corsola|59\/100 par\n|move|p2a: Corsola|Will-O-Wisp|p1a: Landorus|[miss]\n|-miss|p2a: Corsola|p1a: Landorus\n|\n|upkeep\n|turn|25\n|\n|t:|1709214295\n|move|p1a: Landorus|Earthquake|p2a: Corsola\n|-damage|p2a: Corsola|31\/100 par\n|move|p2a: Corsola|Strength Sap|p1a: Landorus\n|-unboost|p1a: Landorus|atk|1\n|-heal|p2a: Corsola|100\/100 par\n|\n|upkeep\n|turn|26\n|\n|t:|1709214301\n|move|p1a: Landorus|Iron Tail|p2a: Corsola\n|-damage|p2a: Corsola|88\/100 par\n|move|p2a: Corsola|Will-O-Wisp|p1a: Landorus|[miss]\n|-miss|p2a: Corsola|p1a: Landorus\n|\n|-end|p1a: Landorus|Disable\n|upkeep\n|turn|27\n|\n|t:|1709214307\n|move|p1a: Landorus|Rock Slide|p2a: Corsola\n|-damage|p2a: Corsola|78\/100 par\n|cant|p2a: Corsola|par\n|\n|upkeep\n|turn|28\n|\n|t:|1709214311\n|move|p1a: Landorus|Rock Slide|p2a: Corsola\n|-damage|p2a: Corsola|68\/100 par\n|cant|p2a: Corsola|par\n|\n|upkeep\n|turn|29\n|\n|t:|1709214316\n|move|p1a: Landorus|Rock Slide|p2a: Corsola\n|-damage|p2a: Corsola|58\/100 par\n|cant|p2a: Corsola|par\n|\n|upkeep\n|turn|30\n|\n|t:|1709214322\n|move|p1a: Landorus|Rock Slide|p2a: Corsola\n|-damage|p2a: Corsola|47\/100 par\n|move|p2a: Corsola|Will-O-Wisp|p1a: Landorus|[miss]\n|-miss|p2a: Corsola|p1a: Landorus\n|\n|upkeep\n|turn|31\n|\n|t:|1709214328\n|move|p1a: Landorus|Rock Slide|p2a: Corsola\n|-damage|p2a: Corsola|38\/100 par\n|-start|p1a: Landorus|Disable|Rock Slide|[from] ability: Cursed Body|[of] p2a: Corsola\n|cant|p2a: Corsola|flinch\n|\n|upkeep\n|turn|32\n|\n|t:|1709214339\n|move|p1a: Landorus|Earthquake|p2a: Corsola\n|-damage|p2a: Corsola|18\/100 par\n|move|p2a: Corsola|Strength Sap|p1a: Landorus\n|-unboost|p1a: Landorus|atk|1\n|-heal|p2a: Corsola|96\/100 par\n|\n|upkeep\n|turn|33\n|\n|t:|1709214347\n|move|p1a: Landorus|Iron Tail|p2a: Corsola|[miss]\n|-miss|p1a: Landorus|p2a: Corsola\n|cant|p2a: Corsola|par\n|\n|upkeep\n|turn|34\n|\n|t:|1709214353\n|move|p1a: Landorus|Earthquake|p2a: Corsola\n|-damage|p2a: Corsola|81\/100 par\n|move|p2a: Corsola|Will-O-Wisp|p1a: Landorus|[miss]\n|-miss|p2a: Corsola|p1a: Landorus\n|\n|-end|p1a: Landorus|Disable\n|upkeep\n|turn|35\n|\n|t:|1709214358\n|move|p1a: Landorus|Rock Slide|p2a: Corsola\n|-damage|p2a: Corsola|74\/100 par\n|move|p2a: Corsola|Will-O-Wisp|p1a: Landorus\n|-status|p1a: Landorus|brn\n|\n|-damage|p1a: Landorus|29\/100 brn|[from] brn\n|upkeep\n|turn|36\n|\n|t:|1709214363\n|move|p1a: Landorus|Rock Slide|p2a: Corsola\n|-damage|p2a: Corsola|70\/100 par\n|cant|p2a: Corsola|flinch\n|\n|-damage|p1a: Landorus|23\/100 brn|[from] brn\n|upkeep\n|turn|37\n|c|\u2606magolor kirby|\u9b3c\u706b\u56db\u9023\u9664\u3051\u3084\u3070\u3059\u304e\u3067\u3057\u3087\n|\n|t:|1709214370\n|move|p1a: Landorus|Rock Slide|p2a: Corsola\n|-damage|p2a: Corsola|66\/100 par\n|-start|p1a: Landorus|Disable|Rock Slide|[from] ability: Cursed Body|[of] p2a: Corsola\n|cant|p2a: Corsola|flinch\n|\n|-damage|p1a: Landorus|17\/100 brn|[from] brn\n|upkeep\n|turn|38\n|\n|t:|1709214376\n|move|p1a: Landorus|Iron Tail|p2a: Corsola\n|-damage|p2a: Corsola|61\/100 par\n|cant|p2a: Corsola|par\n|\n|-damage|p1a: Landorus|11\/100 brn|[from] brn\n|upkeep\n|turn|39\n|\n|t:|1709214380\n|move|p1a: Landorus|Iron Tail|p2a: Corsola\n|-damage|p2a: Corsola|56\/100 par\n|move|p2a: Corsola|Strength Sap|p1a: Landorus\n|-unboost|p1a: Landorus|atk|1\n|-heal|p2a: Corsola|100\/100 par\n|\n|-damage|p1a: Landorus|5\/100 brn|[from] brn\n|upkeep\n|turn|40\n|-message|magolor kirby forfeited.\n|\n|win|Yunanan\n|l|\u2606magolor kirby\n|player|p1|\n","uploadtime":1709214519,"views":4,"formatid":"gen8battlestadiumsingles","rating":null,"private":0,"password":null}