{"id":"gen8battlestadiumsingles-2070289226","format":"[Gen 8] Battle Stadium Singles","players":["magolor kirby","Yunanan"],"log":"|j|\u2606magolor kirby\n|j|\u2606Yunanan\n|t:|1709213786\n|gametype|singles\n|player|p1|magolor kirby|dawn|\n|player|p2|Yunanan|acetrainerf|\n|teamsize|p1|6\n|teamsize|p2|6\n|gen|8\n|tier|[Gen 8] Battle Stadium Singles\n|rule|Species Clause: Limit one of each Pok\u00e9mon\n|rule|Item Clause: Limit one of each item\n|clearpoke\n|poke|p1|Zapdos, L50|\n|poke|p1|Cinderace, L50, F|\n|poke|p1|Porygon2, L50|\n|poke|p1|Landorus-Therian, L50, M|\n|poke|p1|Tapu Fini, L50|\n|poke|p1|Mimikyu, L50, F|\n|poke|p2|Tyranitar, L50, F|\n|poke|p2|Excadrill, L50, F|\n|poke|p2|Corsola-Galar, L50, F|\n|poke|p2|Darmanitan-Galar, L50, F|\n|poke|p2|Centiskorch, L50, M|\n|poke|p2|Celesteela, L50|\n|teampreview|3\n|inactive|Battle timer is ON: inactive players will automatically lose when time's up. (requested by Yunanan)\n|inactive|magolor kirby has 60 seconds left.\n|inactive|Yunanan has 60 seconds left.\n|\n|t:|1709213834\n|start\n|switch|p1a: Landorus|Landorus-Therian, L50, M|100\/100\n|switch|p2a: Celesteela|Celesteela, L50|100\/100\n|-ability|p1a: Landorus|Intimidate|boost\n|-unboost|p2a: Celesteela|atk|1\n|turn|1\n|\n|t:|1709213846\n|switch|p1a: Tapu Fini|Tapu Fini, L50|100\/100\n|-fieldstart|move: Misty Terrain|[from] ability: Misty Surge|[of] p1a: Tapu Fini\n|move|p2a: Celesteela|Meteor Beam||[still]\n|-prepare|p2a: Celesteela|Meteor Beam\n|-boost|p2a: Celesteela|spa|1\n|-enditem|p2a: Celesteela|Power Herb\n|-anim|p2a: Celesteela|Meteor Beam|p1a: Tapu Fini\n|-damage|p1a: Tapu Fini|56\/100\n|\n|-heal|p1a: Tapu Fini|63\/100|[from] item: Leftovers\n|upkeep\n|turn|2\n|\n|t:|1709213857\n|move|p2a: Celesteela|Flash Cannon|p1a: Tapu Fini\n|-damage|p1a: Tapu Fini|22\/100\n|move|p1a: Tapu Fini|Calm Mind|p1a: Tapu Fini\n|-boost|p1a: Tapu Fini|spa|1\n|-boost|p1a: Tapu Fini|spd|1\n|\n|-heal|p1a: Tapu Fini|28\/100|[from] item: Leftovers\n|upkeep\n|turn|3\n|\n|t:|1709213866\n|move|p2a: Celesteela|Flash Cannon|p1a: Tapu Fini\n|-damage|p1a: Tapu Fini|0 fnt\n|faint|p1a: Tapu Fini\n|-ability|p2a: Celesteela|Beast Boost|boost\n|-boost|p2a: Celesteela|spa|1\n|\n|upkeep\n|\n|t:|1709213871\n|switch|p1a: Cinderace|Cinderace, L50, F|100\/100\n|turn|4\n|\n|t:|1709213881\n|-start|p1a: Cinderace|Dynamax|Gmax\n|-heal|p1a: Cinderace|100\/100|[silent]\n|-start|p2a: Celesteela|Dynamax|\n|-heal|p2a: Celesteela|100\/100|[silent]\n|move|p1a: Cinderace|G-Max Fireball|p2a: Celesteela\n|-supereffective|p2a: Celesteela\n|-damage|p2a: Celesteela|22\/100\n|move|p2a: Celesteela|Max Rockfall|p1a: Cinderace\n|-supereffective|p1a: Cinderace\n|-damage|p1a: Cinderace|0 fnt\n|-weather|Sandstorm\n|faint|p1a: Cinderace\n|-ability|p2a: Celesteela|Beast Boost|boost\n|-boost|p2a: Celesteela|spa|1\n|\n|-weather|Sandstorm|[upkeep]\n|upkeep\n|\n|t:|1709213890\n|switch|p1a: Landorus|Landorus-Therian, L50, M|100\/100\n|-ability|p1a: Landorus|Intimidate|boost\n|-unboost|p2a: Celesteela|atk|1\n|turn|5\n|\n|t:|1709213892\n|move|p1a: Landorus|Rock Slide|p2a: Celesteela\n|-damage|p2a: Celesteela|8\/100\n|move|p2a: Celesteela|Max Steelspike|p1a: Landorus\n|-damage|p1a: Landorus|0 fnt\n|-boost|p2a: Celesteela|def|1\n|faint|p1a: Landorus\n|\n|win|Yunanan\n|c|\u2606magolor kirby|\u306f\u3084\u3044\uff01\uff01\uff01\n|c|\u2606Yunanan|\u6700\u901f\u30ab\u30b0\u30e4\u3060\u304b\u3089\u306d\n|l|\u2606Yunanan\n|player|p2|\n|j|\u2606Yunanan\n|player|p2|Yunanan|acetrainerf\n|l|\u2606Yunanan\n|player|p2|\n|j|\u2606Yunanan\n|player|p2|Yunanan|acetrainerf\n|c|\u2606magolor kirby|\u50d5\u306e\u77e5\u3063\u3066\u308b\u30ab\u30b0\u30e4\u3060\n","uploadtime":1709213925,"views":1,"formatid":"gen8battlestadiumsingles","rating":null,"private":0,"password":null}