{"id":"gen8battlestadiumsingles-2083600762","format":"[Gen 8] Battle Stadium Singles","players":["magolor kirby","Yunanan"],"log":"|j|\u2606magolor kirby\n|j|\u2606Yunanan\n|t:|1710769778\n|gametype|singles\n|player|p1|magolor kirby|dawn|\n|player|p2|Yunanan|acetrainerf|\n|teamsize|p1|6\n|teamsize|p2|6\n|gen|8\n|tier|[Gen 8] Battle Stadium Singles\n|rule|Species Clause: Limit one of each Pok\u00e9mon\n|rule|Item Clause: Limit one of each item\n|clearpoke\n|poke|p1|Rotom-Heat, L50|\n|poke|p1|Obstagoon, L50, M|\n|poke|p1|Togekiss, L50, F|\n|poke|p1|Ferrothorn, L50, F|\n|poke|p1|Landorus-Therian, L50, M|\n|poke|p1|Inteleon, L50, F|\n|poke|p2|Swampert, L50, F|\n|poke|p2|Zapdos, L50|\n|poke|p2|Umbreon, L50, M|\n|poke|p2|Toxapex, L50, M|\n|poke|p2|Porygon2, L50|\n|poke|p2|Venusaur, L50, M|\n|teampreview|3\n|inactive|Battle timer is ON: inactive players will automatically lose when time's up. (requested by magolor kirby)\n|inactive|Yunanan also wants the timer to be on.\n|inactive|magolor kirby has 60 seconds left.\n|inactive|Yunanan has 60 seconds left.\n|inactive|Yunanan has 30 seconds left.\n|\n|t:|1710769844\n|start\n|switch|p1a: Ferrothorn|Ferrothorn, L50, F|100\/100\n|switch|p2a: Mois|Umbreon, L50, M|100\/100\n|turn|1\n|\n|t:|1710769858\n|move|p2a: Mois|Taunt|p1a: Ferrothorn\n|-start|p1a: Ferrothorn|move: Taunt\n|cant|p1a: Ferrothorn|move: Taunt|Curse\n|\n|upkeep\n|turn|2\n|\n|t:|1710769863\n|switch|p2a: \u30e9\u30a4\u30cf|Zapdos, L50|100\/100\n|move|p1a: Ferrothorn|Body Press|p2a: \u30e9\u30a4\u30cf\n|-resisted|p2a: \u30e9\u30a4\u30cf\n|-damage|p2a: \u30e9\u30a4\u30cf|90\/100\n|-damage|p1a: Ferrothorn|84\/100|[from] item: Rocky Helmet|[of] p2a: \u30e9\u30a4\u30cf\n|-status|p1a: Ferrothorn|par|[from] ability: Static|[of] p2a: \u30e9\u30a4\u30cf\n|\n|-heal|p1a: Ferrothorn|90\/100 par|[from] item: Leftovers\n|upkeep\n|turn|3\n|\n|t:|1710769873\n|switch|p1a: Rotom|Rotom-Heat, L50|100\/100\n|move|p2a: \u30e9\u30a4\u30cf|Volt Switch|p1a: Rotom\n|-resisted|p1a: Rotom\n|-damage|p1a: Rotom|88\/100\n|c|\u2606magolor kirby|\u30ca\u30a4\u30b9\u9ebb\u75fa\n|\n|t:|1710769878\n|switch|p2a: Mois|Umbreon, L50, M|100\/100|[from] Volt Switch\n|\n|upkeep\n|turn|4\n|\n|t:|1710769885\n|move|p1a: Rotom|Discharge|p2a: Mois\n|-damage|p2a: Mois|79\/100\n|move|p2a: Mois|Wish|p2a: Mois\n|\n|-heal|p2a: Mois|85\/100|[from] item: Leftovers\n|upkeep\n|turn|5\n|\n|t:|1710769891\n|move|p1a: Rotom|Discharge|p2a: Mois\n|-damage|p2a: Mois|65\/100\n|-status|p2a: Mois|par\n|cant|p2a: Mois|par\n|\n|-heal|p2a: Mois|100\/100 par|[from] move: Wish|[wisher] Mois\n|upkeep\n|turn|6\n|\n|t:|1710769899\n|move|p1a: Rotom|Volt Switch|p2a: Mois\n|-damage|p2a: Mois|82\/100 par\n|\n|t:|1710769903\n|switch|p1a: Ferrothorn|Ferrothorn, L50, F|90\/100 par|[from] Volt Switch\n|move|p2a: Mois|Wish|p2a: Mois\n|\n|-heal|p2a: Mois|88\/100 par|[from] item: Leftovers\n|-heal|p1a: Ferrothorn|96\/100 par|[from] item: Leftovers\n|upkeep\n|turn|7\n|\n|t:|1710769908\n|switch|p2a: \u30e9\u30a4\u30cf|Zapdos, L50|90\/100\n|cant|p1a: Ferrothorn|par\n|\n|-heal|p2a: \u30e9\u30a4\u30cf|100\/100|[from] move: Wish|[wisher] Mois\n|-heal|p1a: Ferrothorn|100\/100 par|[from] item: Leftovers\n|upkeep\n|turn|8\n|\n|t:|1710769913\n|move|p2a: \u30e9\u30a4\u30cf|Heat Wave|p1a: Ferrothorn\n|-supereffective|p1a: Ferrothorn\n|-damage|p1a: Ferrothorn|3\/100 par\n|move|p1a: Ferrothorn|Leech Seed|p2a: \u30e9\u30a4\u30cf\n|-start|p2a: \u30e9\u30a4\u30cf|move: Leech Seed\n|\n|-heal|p1a: Ferrothorn|9\/100 par|[from] item: Leftovers\n|-damage|p2a: \u30e9\u30a4\u30cf|88\/100|[from] Leech Seed|[of] p1a: Ferrothorn\n|-heal|p1a: Ferrothorn|23\/100 par|[silent]\n|upkeep\n|turn|9\n|\n|t:|1710769922\n|move|p2a: \u30e9\u30a4\u30cf|Volt Switch|p1a: Ferrothorn\n|-resisted|p1a: Ferrothorn\n|-damage|p1a: Ferrothorn|9\/100 par\n|\n|t:|1710769925\n|switch|p2a: Mois|Umbreon, L50, M|88\/100 par|[from] Volt Switch\n|move|p1a: Ferrothorn|Leech Seed|p2a: Mois\n|-start|p2a: Mois|move: Leech Seed\n|\n|-heal|p2a: Mois|94\/100 par|[from] item: Leftovers\n|-heal|p1a: Ferrothorn|15\/100 par|[from] item: Leftovers\n|-damage|p2a: Mois|82\/100 par|[from] Leech Seed|[of] p1a: Ferrothorn\n|-heal|p1a: Ferrothorn|29\/100 par|[silent]\n|upkeep\n|turn|10\n|\n|t:|1710769935\n|switch|p2a: \u30e9\u30a4\u30cf|Zapdos, L50|88\/100\n|move|p1a: Ferrothorn|Body Press|p2a: \u30e9\u30a4\u30cf\n|-resisted|p2a: \u30e9\u30a4\u30cf\n|-damage|p2a: \u30e9\u30a4\u30cf|77\/100\n|-damage|p1a: Ferrothorn|13\/100 par|[from] item: Rocky Helmet|[of] p2a: \u30e9\u30a4\u30cf\n|\n|-heal|p1a: Ferrothorn|19\/100 par|[from] item: Leftovers\n|upkeep\n|turn|11\n|\n|t:|1710769942\n|switch|p1a: Rotom|Rotom-Heat, L50|88\/100\n|move|p2a: \u30e9\u30a4\u30cf|Hurricane|p1a: Rotom\n|-resisted|p1a: Rotom\n|-damage|p1a: Rotom|66\/100\n|-start|p1a: Rotom|confusion\n|\n|upkeep\n|turn|12\n|\n|t:|1710769948\n|-activate|p1a: Rotom|confusion\n|move|p1a: Rotom|Volt Switch|p2a: \u30e9\u30a4\u30cf\n|-damage|p2a: \u30e9\u30a4\u30cf|48\/100\n|\n|t:|1710769952\n|switch|p1a: Ferrothorn|Ferrothorn, L50, F|19\/100 par|[from] Volt Switch\n|move|p2a: \u30e9\u30a4\u30cf|Volt Switch|p1a: Ferrothorn\n|-resisted|p1a: Ferrothorn\n|-damage|p1a: Ferrothorn|5\/100 par\n|\n|t:|1710769955\n|switch|p2a: Mois|Umbreon, L50, M|82\/100 par|[from] Volt Switch\n|\n|-heal|p2a: Mois|88\/100 par|[from] item: Leftovers\n|-heal|p1a: Ferrothorn|12\/100 par|[from] item: Leftovers\n|upkeep\n|turn|13\n|\n|t:|1710769962\n|move|p2a: Mois|Taunt|p1a: Ferrothorn\n|-start|p1a: Ferrothorn|move: Taunt\n|cant|p1a: Ferrothorn|par\n|\n|-heal|p2a: Mois|94\/100 par|[from] item: Leftovers\n|-heal|p1a: Ferrothorn|18\/100 par|[from] item: Leftovers\n|upkeep\n|turn|14\n|\n|t:|1710769967\n|switch|p1a: Rotom|Rotom-Heat, L50|66\/100\n|move|p2a: Mois|Wish|p2a: Mois\n|\n|-heal|p2a: Mois|99\/100 par|[from] item: Leftovers\n|upkeep\n|turn|15\n|\n|t:|1710769981\n|move|p1a: Rotom|Volt Switch|p2a: Mois\n|-damage|p2a: Mois|83\/100 par\n|\n|t:|1710769983\n|switch|p1a: Ferrothorn|Ferrothorn, L50, F|18\/100 par|[from] Volt Switch\n|move|p2a: Mois|Foul Play|p1a: Ferrothorn\n|-damage|p1a: Ferrothorn|0 fnt\n|-damage|p2a: Mois|70\/100 par|[from] ability: Iron Barbs|[of] p1a: Ferrothorn\n|faint|p1a: Ferrothorn\n|\n|-heal|p2a: Mois|100\/100 par|[from] move: Wish|[wisher] Mois\n|upkeep\n|\n|t:|1710769985\n|switch|p1a: Inteleon|Inteleon, L50, F|100\/100\n|turn|16\n|\n|t:|1710769991\n|switch|p2a: \u30ed\u30ea\u30b3\u30f32|Porygon2, L50|100\/100\n|-ability|p2a: \u30ed\u30ea\u30b3\u30f32|Sniper|[from] ability: Trace|[of] p1a: Inteleon\n|move|p1a: Inteleon|Focus Energy|p1a: Inteleon\n|-start|p1a: Inteleon|move: Focus Energy\n|\n|upkeep\n|turn|17\n|\n|t:|1710769998\n|-start|p1a: Inteleon|Dynamax|Gmax\n|-heal|p1a: Inteleon|100\/100|[silent]\n|move|p1a: Inteleon|G-Max Hydrosnipe|p2a: \u30ed\u30ea\u30b3\u30f32\n|-crit|p2a: \u30ed\u30ea\u30b3\u30f32\n|-damage|p2a: \u30ed\u30ea\u30b3\u30f32|0 fnt\n|faint|p2a: \u30ed\u30ea\u30b3\u30f32\n|\n|upkeep\n|\n|t:|1710770004\n|switch|p2a: Mois|Umbreon, L50, M|100\/100 par\n|turn|18\n|\n|t:|1710770010\n|move|p1a: Inteleon|G-Max Hydrosnipe|p2a: Mois\n|-crit|p2a: Mois\n|-damage|p2a: Mois|0 fnt\n|faint|p2a: Mois\n|\n|upkeep\n|-message|Yunanan forfeited.\n|\n|win|magolor kirby\n|l|\u2606Yunanan\n|player|p2|\n","uploadtime":1710770020,"views":15,"formatid":"gen8battlestadiumsingles","rating":null,"private":0,"password":null}