|j|☆magolor kirby
|j|☆Yunanan
|t:|1709341114
|gametype|singles
|player|p1|magolor kirby|dawn|
|player|p2|Yunanan|acetrainerf|
|teamsize|p1|6
|teamsize|p2|6
|gen|8
|tier|[Gen 8] Battle Stadium Singles
|rule|Species Clause: Limit one of each Pokémon
|rule|Item Clause: Limit one of each item
|clearpoke
|poke|p1|Zapdos, L50|
|poke|p1|Cinderace, L50, M|
|poke|p1|Porygon2, L50|
|poke|p1|Landorus-Therian, L50, M|
|poke|p1|Tapu Fini, L50|
|poke|p1|Urshifu-*, L50, F|
|poke|p2|Nihilego, L50|
|poke|p2|Dragapult, L50, F|
|poke|p2|Moltres-Galar, L50|
|poke|p2|Naganadel, L50|
|poke|p2|Rillaboom, L50, F|
|poke|p2|Centiskorch, L50, F|
|teampreview|3
|inactive|Battle timer is ON: inactive players will automatically lose when time's up. (requested by Yunanan)
|inactive|magolor kirby has 60 seconds left.
|inactive|Yunanan has 60 seconds left.
|inactive|magolor kirby has 30 seconds left.
|c|☆Yunanan|よろしくです.ᐟ
|c|☆magolor kirby|yorosiku!
|inactive|magolor kirby has 20 seconds left.
|inactive|magolor kirby has 15 seconds left.
|
|t:|1709341192
|start
|switch|p1a: Landorus|Landorus-Therian, L50, M|100/100
|switch|p2a: 白崎虚|Nihilego, L50|100/100
|-ability|p1a: Landorus|Intimidate|boost
|-unboost|p2a: 白崎虚|atk|1
|turn|1
|
|t:|1709341209
|move|p2a: 白崎虚|Stealth Rock|p1a: Landorus
|-sidestart|p1: magolor kirby|move: Stealth Rock
|move|p1a: Landorus|Rock Slide|p2a: 白崎虚
|-damage|p2a: 白崎虚|54/100
|
|upkeep
|turn|2
|
|t:|1709341219
|move|p2a: 白崎虚|Power Gem|p1a: Landorus
|-damage|p1a: Landorus|61/100
|move|p1a: Landorus|Earthquake|p2a: 白崎虚
|-supereffective|p2a: 白崎虚
|-damage|p2a: 白崎虚|0 fnt
|faint|p2a: 白崎虚
|
|upkeep
|
|t:|1709341225
|switch|p2a: メテオライト|Naganadel, L50|100/100
|turn|3
|
|t:|1709341235
|-start|p2a: メテオライト|Dynamax|
|-heal|p2a: メテオライト|100/100|[silent]
|-start|p1a: Landorus|Dynamax|
|-heal|p1a: Landorus|61/100|[silent]
|move|p2a: メテオライト|Max Wyrmwind|p1a: Landorus
|-damage|p1a: Landorus|23/100
|-unboost|p1a: Landorus|atk|1
|-damage|p2a: メテオライト|96/100|[from] item: Life Orb
|move|p1a: Landorus|Max Airstream|p2a: メテオライト
|-damage|p2a: メテオライト|57/100
|-boost|p1a: Landorus|spe|1
|
|upkeep
|turn|4
|
|t:|1709341252
|move|p1a: Landorus|Max Quake|p2a: メテオライト
|-supereffective|p2a: メテオライト
|-damage|p2a: メテオライト|0 fnt
|-boost|p1a: Landorus|spd|1
|faint|p2a: メテオライト
|
|upkeep
|
|t:|1709341254
|switch|p2a: グラスラゴリラ|Rillaboom, L50, F|100/100
|-fieldstart|move: Grassy Terrain|[from] ability: Grassy Surge|[of] p2a: グラスラゴリラ
|-enditem|p2a: グラスラゴリラ|Grassy Seed
|-boost|p2a: グラスラゴリラ|def|1|[from] item: Grassy Seed
|turn|5
|
|t:|1709341263
|-end|p1a: Landorus|Dynamax
|-heal|p1a: Landorus|23/100|[silent]
|switch|p1a: Porygon2|Porygon2, L50|100/100
|-damage|p1a: Porygon2|88/100|[from] Stealth Rock
|-ability|p1a: Porygon2|Grassy Surge|[from] ability: Trace|[of] p2a: グラスラゴリラ
|move|p2a: グラスラゴリラ|Swords Dance|p2a: グラスラゴリラ
|-boost|p2a: グラスラゴリラ|atk|2
|
|-heal|p1a: Porygon2|94/100|[from] Grassy Terrain
|upkeep
|turn|6
|
|t:|1709341271
|move|p2a: グラスラゴリラ|Knock Off|p1a: Porygon2
|-damage|p1a: Porygon2|50/100
|-enditem|p1a: Porygon2|Eviolite|[from] move: Knock Off|[of] p2a: グラスラゴリラ
|move|p1a: Porygon2|Ice Beam|p2a: グラスラゴリラ
|-supereffective|p2a: グラスラゴリラ
|-damage|p2a: グラスラゴリラ|39/100
|-status|p2a: グラスラゴリラ|frz
|
|-heal|p2a: グラスラゴリラ|44/100 frz|[from] Grassy Terrain
|-heal|p1a: Porygon2|55/100|[from] Grassy Terrain
|upkeep
|turn|7
|
|t:|1709341281
|cant|p2a: グラスラゴリラ|frz
|move|p1a: Porygon2|Ice Beam|p2a: グラスラゴリラ
|-supereffective|p2a: グラスラゴリラ
|-damage|p2a: グラスラゴリラ|0 fnt
|faint|p2a: グラスラゴリラ
|
|win|magolor kirby
