{"id":"gen8battlestadiumsingles-2092840631","format":"[Gen 8] Battle Stadium Singles","players":["andrewsky19960","kalekagi"],"log":"|j|\u2606andrewsky19960\n|j|\u2606kalekagi\n|t:|1711875415\n|gametype|singles\n|player|p1|andrewsky19960|101|\n|player|p2|kalekagi|nate|\n|teamsize|p1|6\n|teamsize|p2|6\n|gen|8\n|tier|[Gen 8] Battle Stadium Singles\n|rule|Species Clause: Limit one of each Pok\u00e9mon\n|rule|Item Clause: Limit one of each item\n|clearpoke\n|poke|p1|Chandelure, L50, F|\n|poke|p1|Avalugg, L50, F|\n|poke|p1|Aegislash, L50, M|\n|poke|p1|Type: Null, L50|\n|poke|p1|Inteleon, L50, F|\n|poke|p1|Urshifu-*, L50, F|\n|poke|p2|Tyrantrum, L50, M|\n|poke|p2|Celesteela, L50|\n|poke|p2|Tapu Fini, L50|\n|poke|p2|Grimmsnarl, L50, M|\n|poke|p2|Rotom-Heat, L50|\n|poke|p2|Seismitoad, L50, M|\n|teampreview|3\n|inactive|Battle timer is ON: inactive players will automatically lose when time's up. (requested by andrewsky19960)\n|\n|t:|1711875433\n|start\n|switch|p1a: Type: Null|Type: Null, L50|100\/100\n|switch|p2a: \uc640\ubab8\ub9e4|Celesteela, L50|100\/100\n|turn|1\n|\n|t:|1711875457\n|move|p2a: \uc640\ubab8\ub9e4|Flash Cannon|p1a: Type: Null\n|-damage|p1a: Type: Null|75\/100\n|move|p1a: Type: Null|Thunder Wave|p2a: \uc640\ubab8\ub9e4\n|-status|p2a: \uc640\ubab8\ub9e4|par\n|\n|upkeep\n|turn|2\n|\n|t:|1711875469\n|move|p1a: Type: Null|Metal Sound|p2a: \uc640\ubab8\ub9e4\n|-unboost|p2a: \uc640\ubab8\ub9e4|spd|2\n|move|p2a: \uc640\ubab8\ub9e4|Flash Cannon|p1a: Type: Null\n|-damage|p1a: Type: Null|50\/100\n|\n|upkeep\n|turn|3\n|\n|t:|1711875480\n|move|p1a: Type: Null|Tri Attack|p2a: \uc640\ubab8\ub9e4\n|-resisted|p2a: \uc640\ubab8\ub9e4\n|-damage|p2a: \uc640\ubab8\ub9e4|66\/100 par\n|move|p2a: \uc640\ubab8\ub9e4|Flash Cannon|p1a: Type: Null\n|-damage|p1a: Type: Null|26\/100\n|\n|upkeep\n|turn|4\n|\n|t:|1711875487\n|move|p1a: Type: Null|Tri Attack|p2a: \uc640\ubab8\ub9e4\n|-resisted|p2a: \uc640\ubab8\ub9e4\n|-damage|p2a: \uc640\ubab8\ub9e4|35\/100 par\n|move|p2a: \uc640\ubab8\ub9e4|Flash Cannon|p1a: Type: Null\n|-damage|p1a: Type: Null|0 fnt\n|faint|p1a: Type: Null\n|-ability|p2a: \uc640\ubab8\ub9e4|Beast Boost|boost\n|-boost|p2a: \uc640\ubab8\ub9e4|spa|1\n|\n|upkeep\n|\n|t:|1711875492\n|switch|p1a: Inteleon|Inteleon, L50, F|100\/100\n|turn|5\n|c|\u2606kalekagi|\ub09c\uc218 \u3148\ub9dd\uac9c \u314b\u314b\n|\n|t:|1711875509\n|move|p1a: Inteleon|Focus Energy|p1a: Inteleon\n|-start|p1a: Inteleon|move: Focus Energy\n|cant|p2a: \uc640\ubab8\ub9e4|par\n|\n|upkeep\n|turn|6\n|c|\u2606andrewsky19960|\u3145\u3131\n|\n|t:|1711875522\n|move|p1a: Inteleon|Agility|p1a: Inteleon\n|-boost|p1a: Inteleon|spe|2\n|move|p2a: \uc640\ubab8\ub9e4|Flash Cannon|p1a: Inteleon\n|-resisted|p1a: Inteleon\n|-damage|p1a: Inteleon|49\/100\n|\n|upkeep\n|turn|7\n|\n|t:|1711875531\n|-start|p1a: Inteleon|Dynamax|\n|-heal|p1a: Inteleon|49\/100|[silent]\n|move|p1a: Inteleon|Max Geyser|p2a: \uc640\ubab8\ub9e4\n|-damage|p2a: \uc640\ubab8\ub9e4|0 fnt\n|-weather|RainDance\n|faint|p2a: \uc640\ubab8\ub9e4\n|\n|-weather|RainDance|[upkeep]\n|upkeep\n|c|\u2606andrewsky19960|\ub9dd\uac9c\n|c|\u2606andrewsky19960|\uc774\uac70\n|\n|t:|1711875544\n|switch|p2a: \ucc44\ud601\uc9c4|Seismitoad, L50, M|100\/100\n|turn|8\n|c|\u2606andrewsky19960|\uae09\ub958\uc778\ub370\n|c|\u2606andrewsky19960|\ub178\ub825\uce58\uc548\uc918\ub3c4 \ubc84\ud2f0\ub124\n|inactive|kalekagi has 30 seconds left.\n|inactive|kalekagi has 20 seconds left.\n|c|\u2606andrewsky19960|\uc218\uc5c5\uc774\ub2e4\n|\n|t:|1711875582\n|-start|p2a: \ucc44\ud601\uc9c4|Dynamax|\n|-heal|p2a: \ucc44\ud601\uc9c4|100\/100|[silent]\n|move|p1a: Inteleon|Max Geyser|p2a: \ucc44\ud601\uc9c4\n|-crit|p2a: \ucc44\ud601\uc9c4\n|-damage|p2a: \ucc44\ud601\uc9c4|0 fnt\n|faint|p2a: \ucc44\ud601\uc9c4\n|\n|-weather|RainDance|[upkeep]\n|upkeep\n|c|\u2606andrewsky19960|\u3143\u3139\u3143\u3139\n|\n|t:|1711875591\n|switch|p2a: \uad81\uadf9\uc758\uc804\ub3c4\ud2f0\ub77c\ub178|Tyrantrum, L50, M|100\/100\n|turn|9\n|c|\u2606andrewsky19960|\u314b\u314b\u314b\u314b\u314b\u314b\u314b\u314b\u314b\n|c|\u2606andrewsky19960|\uc815\uc2e0\ub098\uac84\ub124\n|c|\u2606kalekagi|\uc73c\uc544\uc544\uc57c\uc57d\n|c|\u2606andrewsky19960|\uc774\ub9db\uc5d0\n|\n|t:|1711875607\n|move|p1a: Inteleon|Max Geyser|p2a: \uad81\uadf9\uc758\uc804\ub3c4\ud2f0\ub77c\ub178\n|-damage|p2a: \uad81\uadf9\uc758\uc804\ub3c4\ud2f0\ub77c\ub178|0 fnt\n|faint|p2a: \uad81\uadf9\uc758\uc804\ub3c4\ud2f0\ub77c\ub178\n|\n|win|andrewsky19960\n|c|\u2606andrewsky19960|\uc778\ud154\uc4f4\ub2e4\n","uploadtime":1711875614,"views":8,"formatid":"gen8battlestadiumsingles","rating":null,"private":0,"password":null}